@inproceedings{specia2016shared,
  title={A shared task on multimodal machine translation and crosslingual image description},
  author={Specia, Lucia and Frank, Stella and Simaâ€™an, Khalil and Elliott, Desmond},
  booktitle={Proceedings of the First Conference on Machine Translation: Volume 2, Shared Task Papers},
  pages={543--553},
  year={2016}
}

@article{elliott2017findings,
  title={Findings of the second shared task on multimodal machine translation and multilingual image description},
  author={Elliott, Desmond and Frank, Stella and Barrault, Lo{\"\i}c and Bougares, Fethi and Specia, Lucia},
  journal={arXiv preprint arXiv:1710.07177},
  year={2017}
}

@inproceedings{barrault2018findings,
  title={Findings of the third shared task on multimodal machine translation},
  author={Barrault, Lo{\"\i}c and Bougares, Fethi and Specia, Lucia and Lala, Chiraag and Elliott, Desmond and Frank, Stella},
  year={2018}
}

@article{wang2019vatex,
  title={VATEX: A Large-Scale, High-Quality Multilingual Dataset for Video-and-Language Research},
  author={Wang, Xin and Wu, Jiawei and Chen, Junkun and Li, Lei and Wang, Yuan-Fang and Wang, William Yang},
  journal={arXiv preprint arXiv:1904.03493},
  year={2019}
}

@article{tan2019lxmert,
  title={Lxmert: Learning cross-modality encoder representations from transformers},
  author={Tan, Hao and Bansal, Mohit},
  journal={arXiv preprint arXiv:1908.07490},
  year={2019}
}

@article{pramanik2019omninet,
  title={OmniNet: A unified architecture for multi-modal multi-task learning},
  author={Pramanik, Subhojeet and Agrawal, Priyanka and Hussain, Aman},
  journal={arXiv preprint arXiv:1907.07804},
  year={2019}
}

